<?xml version="1.0" encoding="UTF-8"?><collection><record><leader>09231ntm a2201057 a 4500</leader><controlfield tag="001">006813241</controlfield><controlfield tag="003">MiAaHDL</controlfield><controlfield tag="005">20190719000000.0</controlfield><controlfield tag="006">m        d        </controlfield><controlfield tag="007">cr bn ---auaua</controlfield><controlfield tag="008">090604s174u    tu            00| ||ara d</controlfield><datafield tag="035" ind1=" " ind2=" "><subfield code="a">(MiU)006813241</subfield></datafield><datafield tag="035" ind1=" " ind2=" "><subfield code="a">sdr-miu006813241</subfield></datafield><datafield tag="040" ind1=" " ind2=" "><subfield code="a">MiU</subfield><subfield code="c">MiU</subfield><subfield code="e">amremm</subfield></datafield><datafield tag="043" ind1=" " ind2=" "><subfield code="a">n-us-mi</subfield></datafield><datafield tag="245" ind1="0" ind2="0"><subfield code="6">880-01</subfield><subfield code="a">[Majmūʻat rasāʼil,</subfield><subfield code="f">ca. 1155, i.e. 1743].</subfield></datafield><datafield tag="260" ind1=" " ind2=" "><subfield code="a">[Istanbul,</subfield><subfield code="c">ca. 1743].</subfield></datafield><datafield tag="300" ind1=" " ind2=" "><subfield code="a">124 leaves :</subfield><subfield code="b">paper ;</subfield><subfield code="c">165 x 113 (115 x 57) mm.</subfield></datafield><datafield tag="500" ind1=" " ind2=" "><subfield code="a">Shelfmark: Ann Arbor, University of Michigan, Special Collections Library, Isl. Ms. 657</subfield></datafield><datafield tag="500" ind1=" " ind2=" "><subfield code="a">Origin: As appears in opening statement on p.9 and in colophons on p.111 and p.203, bulk of majmūʻah copied for himself by ʻUthmān ibn Muṣṭafá Karāmah [?]. As appears in colophon on p.111, transcription of Bard al-akbād and Nubdhah mukhtaṣarah min Rawḍ al-akhyār completed during the first part of Rabīʻ II 1155 [June 1742]. As appears in colophon on p.203, transcription of Kitāb al-Mudhhab fī al-ḥulá completed in Dhū al-Ḥijjah 1155 [January-February 1743]. Transcription of other works likely completed around the same time. What appears to be date of composition for Takhmīs Bānat Suʻād supplied by fractions on p.239, likely 113-? [1718-1727?].</subfield></datafield><datafield tag="500" ind1=" " ind2=" "><subfield code="a">Accompanying materials: a. Acquisitions slip from Yahuda -- b. Three inventory cataloguing slips (and two scraps) in hand of Winifred Smeaton Thomas.</subfield></datafield><datafield tag="500" ind1=" " ind2=" "><subfield code="a">Former shelfmark: From inscription on inner front cover and spine label, "IL 31b" (likely supplied by Yahuda).</subfield></datafield><datafield tag="500" ind1=" " ind2=" "><subfield code="a">Binding: Pasteboards covered in now dull beige laid paper with dark red-brown leather over spine and edges/turn-ins (likely fore edge flap as well, though now lost, framed binding) ; Type II binding (with flap, now lost) ; board linings in yellow laid paper ; sewn in cream thread, two stations ; overall in somewhat poor condition with significant abrasion, staining, lifting and losses of leather and paper, etc.</subfield></datafield><datafield tag="500" ind1=" " ind2=" "><subfield code="a">Support: European laid paper ; opening type with 10 laid lines per cm. (horizontal), chain lines spaced 22-25 mm. apart (vertical), and watermarks of grapes (raisin) with name and crown (see p.12, 18, 19, 25, etc.), "P FABRE" (p.16, 21, etc.) and "LANGUEDOC" (p.14, 23, etc.) ; another type with 11 laid lines per cm. (horizontal), chain lines spaced 23-24 mm. apart (vertical), and crown above name watermark (see p.208, 221, etc.) ; well-burnished to glossy, thin though sturdy, medium cream in color.</subfield></datafield><datafield tag="500" ind1=" " ind2=" "><subfield code="a">Decoration: Keywords, section headings and occasional abbrevation symbols (mainly two-teeth stroke over certain words) rubricated ; textual dividers in the form of red inverted commas.</subfield></datafield><datafield tag="500" ind1=" " ind2=" "><subfield code="a">Script: Naskh ; small, clear Turkish or 'Syrian' hand ; mainly serifless with effect of tilt to the right, mainly curvilinear descenders, pointing in distinct dots, some elongation of horizontal strokes, kāf mashkūlah (mashqūqah) preferred.</subfield></datafield><datafield tag="500" ind1=" " ind2=" "><subfield code="a">Layout: Written in 15-21 lines per page ; written area divided to two columns to set off verses.</subfield></datafield><datafield tag="500" ind1=" " ind2=" "><subfield code="a">Collation: II (4), 5 V(54), VI (66), V (76), III (82), 3 V(112), VI (124) ; chiefly quinions ; catchwords present ; foliation in black ink, Hindu-Arabic numerals ; pagination in pencil, Western numerals, supplied during digitization (prior to collation, thus due to an initially misplaced bifolium pagination skips from p.222 to p.227, then from p.238 to pp.223-226, then to p.239, foliation is correct).</subfield></datafield><datafield tag="500" ind1=" " ind2=" "><subfield code="a">Colophon: [Bard al-akbād] and [Nubdhah mukhtaṣarah min Rawḍ al-akhyār] "Scribal," rectangular, reads "حرر في القسطنطنية في اوائل شهر ربيع الثاني من شهور سنة ۱۱٥٥ على يد الفقير عثمان كرامه" ; [Kitāb al-Mudhhab fī al-ḥulá] "Scribal," rectangular, reads "تم كتابه على يد كاتبها لنفسه ولمن شاء الله من بعده عثمان بن مصطفى كرامه ... وذلك في الديار الرومية حماها رب البرية [؟] في ذي الحجة سنة ۱۱٥٥"</subfield></datafield><datafield tag="500" ind1=" " ind2=" "><subfield code="a">Title supplied by cataloguer.</subfield></datafield><datafield tag="500" ind1=" " ind2=" "><subfield code="a">Ms. codex.</subfield></datafield><datafield tag="505" ind1="0" ind2=" "><subfield code="a">16. p.247-p.248 : [blank].</subfield></datafield><datafield tag="505" ind1="0" ind2=" "><subfield code="a">15. p.241-p.246 : Qaṣīdat ʻAbd Allāh Afandī ibn Ḥijāzī / ʻAbd Allāh ibn Muḥammad Ibn Qaḍīb al-Bān.</subfield></datafield><datafield tag="505" ind1="0" ind2=" "><subfield code="a">14. p.240 : [blank].</subfield></datafield><datafield tag="505" ind1="0" ind2=" "><subfield code="a">13. p.213-p.239 : Takhmīs Bānat Suʻād / Muḥammad Asaʻd [Mehmet Esat Efendi b. Şeyhülislam Ismail Efendi ?].</subfield></datafield><datafield tag="505" ind1="0" ind2=" "><subfield code="a">12. p.206-p.212 : [taqrīẓāt for the following takhmīs].</subfield></datafield><datafield tag="505" ind1="0" ind2=" "><subfield code="a">11. p.205 : [blank].</subfield></datafield><datafield tag="505" ind1="0" ind2=" "><subfield code="a">10. p.203-204 : [assorted excerpts].</subfield></datafield><datafield tag="505" ind1="0" ind2=" "><subfield code="a">9. p.133-p.203 : Kitāb al-Mudhhab fī al-ḥulá / Abū ʻAbd Allāh Muḥammad ibn ʻĪsá ibn Muḥammad ibn Aṣbagh ibn al-Munāṣif al-Azdī.</subfield></datafield><datafield tag="505" ind1="0" ind2=" "><subfield code="a">8. p.120-p.132 : [blank].</subfield></datafield><datafield tag="505" ind1="0" ind2=" "><subfield code="a">7. p.112-p.119 : [assorted excerpts].</subfield></datafield><datafield tag="505" ind1="0" ind2=" "><subfield code="a">6. p.89-p.111 : Nubdhah mukhtaṣarah min Rawḍ al-akhyār al-muntakhab min Rabīʻ al-abrār / Khaṭībʻzādah Muḥammad ibn Qāsim al-Amāsī.</subfield></datafield><datafield tag="505" ind1="0" ind2=" "><subfield code="a">5. p.88 : [blank].</subfield></datafield><datafield tag="505" ind1="0" ind2=" "><subfield code="a">4. p.86-p.87 : [assorted excerpts].</subfield></datafield><datafield tag="505" ind1="0" ind2=" "><subfield code="a">3. p.9-p.86 : Bard al-akbād fī al-aʻdād /ʻAbd al-Malik ibn Muḥammad al-Thaʻālibī.</subfield></datafield><datafield tag="505" ind1="0" ind2=" "><subfield code="a">2. p.4-p.8 : [blank].</subfield></datafield><datafield tag="505" ind1="0" ind2=" "><subfield code="a">1. p.1-p.3 : [assorted excerpts and contents listing].</subfield></datafield><datafield tag="510" ind1="4" ind2=" "><subfield code="a">Brockelmann, C. GAL,</subfield><subfield code="c">II 277</subfield></datafield><datafield tag="510" ind1="4" ind2=" "><subfield code="a">Ḥājjī Khalīfah. Kashf al-ẓunūn,</subfield><subfield code="c">iv 521</subfield></datafield><datafield tag="510" ind1="4" ind2=" "><subfield code="a">Brockelmann, C. GAL,</subfield><subfield code="c">I 39</subfield></datafield><datafield tag="510" ind1="4" ind2=" "><subfield code="a">Brockelmann, C. GAL,</subfield><subfield code="c">I 497 ; S I 910</subfield></datafield><datafield tag="510" ind1="4" ind2=" "><subfield code="a">Ḥājjī Khalīfah. Kashf al-ẓunūn,</subfield><subfield code="c">iii 344</subfield></datafield><datafield tag="510" ind1="4" ind2=" "><subfield code="a">Brockelmann, C. GAL,</subfield><subfield code="c">II 429 ; I 292</subfield></datafield><datafield tag="510" ind1="4" ind2=" "><subfield code="a">Ḥājjī Khalīfah. Kashf al-ẓunūn,</subfield><subfield code="c">ii 42 no.1771</subfield></datafield><datafield tag="510" ind1="4" ind2=" "><subfield code="a">Brockelmann, C. GAL,</subfield><subfield code="c">I 285 (no.13)</subfield></datafield><datafield tag="520" ind1="8" ind2=" "><subfield code="a">Fine collection (majmūʻah) of mainly "belles-lettres" (adab / ādāb) works in prose and verse. Contents listing on added leaf at opening (p.2).</subfield></datafield><datafield tag="538" ind1=" " ind2=" "><subfield code="a">Mode of access: Internet.</subfield></datafield><datafield tag="541" ind1=" " ind2=" "><subfield code="a">Acquired in 1926 from the bookseller Isaac Benjamin S.E. Yahuda via purchase transacted on his behalf by his younger brother, the famous Orientalist and manuscript collector Abraham Shalom Yahuda (1877-1951).</subfield></datafield><datafield tag="546" ind1=" " ind2=" "><subfield code="a">Arabic.</subfield></datafield><datafield tag="561" ind1=" " ind2=" "><subfield code="a">On opening 'title page' (p.9), statement identifying copyist, ʻUthmān (عثمان), dated 1154 [1741 or 2] and accompanied by oval seal impression, statement reads "بخط المغتفر [؟] الى رحمة المنان عبده عثمان ١١٥۴" ; marginal and interlinear glosses and corrections ; collation marks (بلغ).</subfield></datafield><datafield tag="600" ind1="0" ind2="0"><subfield code="a">Muḥammad,</subfield><subfield code="c">Prophet,</subfield><subfield code="d">-632</subfield><subfield code="v">Poetry.</subfield></datafield><datafield tag="600" ind1="0" ind2="0"><subfield code="a">Kaʻb ibn Zuhayr.</subfield><subfield code="t">Qaṣīdat al-Burdah.</subfield></datafield><datafield tag="600" ind1="1" ind2="0"><subfield code="a">Zamakhsharī, Maḥmūd ibn ʻUmar,</subfield><subfield code="d">1075-1144.</subfield><subfield code="t">Rabīʻ al-abrār.</subfield></datafield><datafield tag="650" ind1=" " ind2="0"><subfield code="a">Manuscripts, Arabic</subfield><subfield code="z">Michigan</subfield><subfield code="z">Ann Arbor.</subfield></datafield><datafield tag="650" ind1=" " ind2="0"><subfield code="a">Arabic poetry</subfield><subfield code="y">1258-1800.</subfield></datafield><datafield tag="650" ind1=" " ind2="0"><subfield code="a">Arabic poetry</subfield><subfield code="y">622-750.</subfield></datafield><datafield tag="650" ind1=" " ind2="0"><subfield code="a">Arabic poetry</subfield><subfield code="y">750-1258.</subfield></datafield><datafield tag="650" ind1=" " ind2="0"><subfield code="a">Quotations, Arabic</subfield><subfield code="v">Early works to 1800.</subfield></datafield><datafield tag="650" ind1=" " ind2="0"><subfield code="a">Maxims, Arabic</subfield><subfield code="v">Early works to 1800.</subfield></datafield><datafield tag="650" ind1=" " ind2="0"><subfield code="a">Numbers in literature</subfield><subfield code="v">Early works to 1800.</subfield></datafield><datafield tag="650" ind1=" " ind2="0"><subfield code="a">Arabic literature</subfield><subfield code="v">Early works to 1800.</subfield></datafield><datafield tag="700" ind1="0" ind2=" "><subfield code="6">880-11</subfield><subfield code="a">ʻUthmān ibn Muṣṭafá Karāmah,</subfield><subfield code="d">fl. 1742,</subfield><subfield code="e">scribe.</subfield></datafield><datafield tag="700" ind1="0" ind2="2"><subfield code="6">880-08</subfield><subfield code="a">Mehmet Esat Efendi.</subfield><subfield code="t">Takhmīs Bānat Suʻād.</subfield></datafield><datafield tag="700" ind1="1" ind2="2"><subfield code="6">880-06</subfield><subfield code="a">Ibn Aṣbagh, Muḥammad ibn ʻĪsá,</subfield><subfield code="d">1167 or 1168-1223 or 1224.</subfield><subfield code="t">Mudhhab fī al-ḥulá.</subfield></datafield><datafield tag="700" ind1="1" ind2="2"><subfield code="6">880-04</subfield><subfield code="a">Amāsī, Muḥammad ibn Qāsim,</subfield><subfield code="d">1459 or 1460-1533 or 1534.</subfield><subfield code="t">Rawḍ al-akhyār.</subfield><subfield code="k">Selections.</subfield></datafield><datafield tag="700" ind1="1" ind2="2"><subfield code="6">880-03</subfield><subfield code="a">Thaʻālibī, ʻAbd al-Malik ibn Muḥammad,</subfield><subfield code="d">961 or 962-1037 or 1038.</subfield><subfield code="t">Bard al-akbād fī al-aʻdād.</subfield></datafield><datafield tag="740" ind1="1" ind2="2"><subfield code="6">880-10</subfield><subfield code="a">Qaṣīdat ʻAbd Allāh Afandī ibn Ḥijāzī</subfield></datafield><datafield tag="740" ind1="1" ind2="2"><subfield code="6">880-09</subfield><subfield code="a">Ibn Qaḍīb al-Bān, ʻAbd Allāh ibn Muḥammad,</subfield><subfield code="d">d. 1684 or 5.</subfield><subfield code="t">Qaṣīdah.</subfield></datafield><datafield tag="740" ind1="0" ind2="2"><subfield code="6">880-07</subfield><subfield code="a">Mudhabah fī naẓm al-ṣifāt min al-ḥulá wa-al-shiyāt</subfield></datafield><datafield tag="740" ind1="0" ind2="2"><subfield code="6">880-05</subfield><subfield code="a">Nubdhah mukhtaṣarah min Rawḍ al-akhyār al-muntakhab min Rabīʻ al-abrār</subfield></datafield><datafield tag="773" ind1="0" ind2=" "><subfield code="a">Yahuda Collection.</subfield></datafield><datafield tag="880" ind1="0" ind2=" "><subfield code="6">700-11/</subfield><subfield code="a">عثمان بن مصطفى كارمه,</subfield><subfield code="e">ناسخ.</subfield></datafield><datafield tag="880" ind1="1" ind2="2"><subfield code="6">740-10/</subfield><subfield code="a">قصيدة عبد الله افندى بن حجازى</subfield></datafield><datafield tag="880" ind1="1" ind2="2"><subfield code="6">740-09/</subfield><subfield code="a">ابن قضيب البان، عبد الله بن محمد.</subfield><subfield code="t">قصيدة.</subfield></datafield><datafield tag="880" ind1="0" ind2="2"><subfield code="6">700-08/</subfield><subfield code="a">محمد اسعد افندى.</subfield><subfield code="t">تخميس بانت سعاد.</subfield></datafield><datafield tag="880" ind1="0" ind2="2"><subfield code="6">740-07/</subfield><subfield code="a">مذهبة في نظم الصفات من الحلى والشيات</subfield></datafield><datafield tag="880" ind1="1" ind2="2"><subfield code="6">700-06/</subfield><subfield code="a">ابن اصبغ، محمد بن عيسى.</subfield><subfield code="t">مذهب في الحلى.</subfield></datafield><datafield tag="880" ind1="0" ind2="2"><subfield code="6">740-05/</subfield><subfield code="a">نبذة مختصرة من روض الاخيار المنتخب من ربيع الابرار</subfield></datafield><datafield tag="880" ind1="1" ind2="2"><subfield code="6">700-04/</subfield><subfield code="a">اماسي، محمد بن قاسم.</subfield><subfield code="t">روض الاخيار.</subfield><subfield code="k">مختصرات.</subfield></datafield><datafield tag="880" ind1="1" ind2="2"><subfield code="6">700-03/</subfield><subfield code="a">ثعالبي، عبد الملك بن محمد.</subfield><subfield code="t">برد الاكباد في العداد.</subfield></datafield><datafield tag="880" ind1="0" ind2="0"><subfield code="6">245-01/</subfield><subfield code="a">[مجموعة رسائل,</subfield><subfield code="f">حوالي 1155ه, 1743م].</subfield></datafield><datafield tag="CID" ind1=" " ind2=" "><subfield code="a">006813241</subfield></datafield><datafield tag="DAT" ind1="0" ind2=" "><subfield code="a">20190719102638.0</subfield><subfield code="b">20190719000000.0</subfield></datafield><datafield tag="DAT" ind1="1" ind2=" "><subfield code="a">20190719090653.0</subfield><subfield code="b">2019-07-19T16:11:46Z</subfield></datafield><datafield tag="DAT" ind1="2" ind2=" "><subfield code="a">2015-10-02T18:00:03Z</subfield></datafield><datafield tag="CAT" ind1=" " ind2=" "><subfield code="a">SDR-MIU</subfield><subfield code="d">EX LIBRIS - ALEPH</subfield><subfield code="l">prepare.pl-004-008</subfield></datafield><datafield tag="FMT" ind1=" " ind2=" "><subfield code="a">BK</subfield></datafield><datafield tag="HOL" ind1=" " ind2=" "><subfield code="0">sdr-miu006813241</subfield><subfield code="a">MiU</subfield><subfield code="b">SDR</subfield><subfield code="c">MIU</subfield><subfield code="p">mdp.39015079128214</subfield><subfield code="s">MIU</subfield><subfield code="1">006813241</subfield></datafield><datafield tag="974" ind1=" " ind2=" "><subfield code="b">MIU</subfield><subfield code="c">MIU</subfield><subfield code="d">20190719</subfield><subfield code="s">lit-dlps-dc</subfield><subfield code="u">mdp.39015079128214</subfield><subfield code="y">1749</subfield><subfield code="r">pd</subfield><subfield code="q">bib</subfield><subfield code="t">non-US bib date1 &lt; 1879</subfield></datafield></record></collection>